@book{fausto2012sex,
  title={Sex/gender: Biology in a social world},
  author={Fausto-Sterling, Anne},
  year={2012},
  publisher={Routledge}
}

@article{hammonds2009nature,
  title={The nature of difference: sciences of race in the United States from Jefferson to genomics},
  author={Hammonds, Evelynn},
  year={2009},
  publisher={The MIT Press}
}

@book{richardson2013sex,
  title={Sex itself: The search for male and female in the human genome},
  author={Richardson, Sarah S},
  year={2013},
  publisher={University of Chicago Press}
}

@book{fine2010delusions,
  title={Delusions of gender: How our minds, society, and neurosexism create difference},
  author={Fine, Cordelia},
  year={2010},
  publisher={WW Norton \& Company}
}

@article{springer2012beyond,
  title={Beyond a catalogue of differences: a theoretical frame and good practice guidelines for researching sex/gender in human health},
  author={Springer, Kristen W and Stellman, Jeanne Mager and Jordan-Young, Rebecca M},
  journal={Social science \& medicine},
  volume={74},
  number={11},
  pages={1817--1824},
  year={2012},
  publisher={Elsevier}
}

@article{kaiser2009sex,
  title={On sex/gender related similarities and differences in fMRI language research},
  author={Kaiser, Anelis and Haller, Sven and Schmitz, Sigrid and Nitsch, Cordula},
  journal={Brain research reviews},
  volume={61},
  number={2},
  pages={49--59},
  year={2009},
  publisher={Elsevier}
}
@article{barnard,
  title={Sexes, genders, and brains: four scientists, four perspectives},
  author={Silver, Rae and Jordan-Young, Rebecca},
  year={2014},
  publisher={Barnard College}
}

@book{roberts2011fatal,
  title={Fatal invention: How science, politics, and big business re-create race in the twenty-first century},
  author={Roberts, Dorothy},
  year={2011},
  publisher={New Press/ORIM}
}

@book{morning2011nature,
  title={The nature of race: How scientists think and teach about human difference},
  author={Morning, Ann},
  year={2011},
  publisher={Univ of California Press}
}

@article{lee2009race,
  title={“Race” and “ethnicity” in biomedical research: how do scientists construct and explain differences in health?},
  author={Lee, Catherine},
  journal={Social Science \& Medicine},
  volume={68},
  number={6},
  pages={1183--1190},
  year={2009},
  publisher={Elsevier}
}

@book{montoya2011making,
  title={Making the Mexican diabetic: Race, science, and the genetics of inequality},
  author={Montoya, Michael},
  year={2011},
  publisher={Univ of California Press}
}

@article{collins1999moving,
  title={Moving beyond gender: Intersectionality and scientific knowledge},
  author={Collins, Patricia Hill},
  journal={Revisioning gender},
  pages={261--284},
  year={1999}
}

@article{roth2018genetic,
  title={Genetic options: The impact of genetic ancestry testing on consumers’ racial and ethnic identities},
  author={Roth, Wendy D and Ivemark, Biorn},
  journal={American Journal of Sociology},
  volume={124},
  number={1},
  pages={150--184},
  year={2018},
  publisher={University of Chicago Press Chicago, IL}
}

@article{hornik2012comprehensive,
  title={The {C}omprehensive {R} {A}rchive {N}etwork},
  author={Hornik, Kurt},
  journal={Wiley Interdisciplinary Reviews: Computational Statistics},
  volume={4},
  number={4},
  pages={394--398},
  year={2012},
  publisher={Wiley Online Library}
}

@article{zeileis2005cran,
  title={{C}{R}{A}{N} {T}ask {V}iews},
  author={Zeileis, Achim},
  journal={R News},
  volume={5},
  number={1},
  pages={39--40},
  year={2005}
}

@book{tobach1994challenging,
  title={Challenging racism and sexism: Alternatives to genetic explanations.},
  author={Tobach, Ethel Ed and Rosoff, Betty Ed},
  year={1994},
  publisher={Feminist Press at the City University of New York}
}

@incollection{fausto2005problem,
  title={The problem with sex/gender and nature/nurture},
  author={Fausto-Sterling, Anne},
  booktitle={Debating biology},
  pages={133--142},
  year={2005},
  publisher={Routledge}
}

@article{fausto2005bare,
  title={The bare bones of sex: part 1—sex and gender},
  author={Fausto-Sterling, Anne},
  journal={Signs: Journal of Women in Culture and Society},
  volume={30},
  number={2},
  pages={1491--1527},
  year={2005},
  publisher={The University of Chicago Press}
}

@article{jordan2012hardwired,
  title={Hardwired for sexism? Approaches to sex/gender in neuroscience},
  author={Jordan-Young, Rebecca and Rumiati, Raffaella I},
  journal={Neuroethics},
  volume={5},
  number={3},
  pages={305--315},
  year={2012},
  publisher={Springer}
}

@article{booth2006testosterone,
  title={Testosterone and social behavior},
  author={Booth, Alan and Granger, Douglas A and Mazur, Allan and Kivlighan, Katie T},
  journal={Social Forces},
  volume={85},
  number={1},
  pages={167--191},
  year={2006},
  publisher={The University of North Carolina Press}
}

@article{haneishi2007cortisol,
  title={Cortisol and stress responses during a game and practice in female collegiate soccer players},
  author={Haneishi, Kanae and Fry, Andrew C and Moore, Christopher A and Schilling, Brian K and Li, Yuhua and Fry, Mary D},
  journal={Journal of strength and conditioning research},
  volume={21},
  number={2},
  pages={583},
  year={2007},
  publisher={HUMAN KINETICS PUBLISHERS, INC.}
}

@article{van2006social,
  title={Social neuroendocrinology},
  author={Van Anders, Sari M and Watson, Neil V},
  journal={Human nature},
  volume={17},
  number={2},
  pages={212--237},
  year={2006},
  publisher={Springer}
}


@article{hanvivsky2018,
	Author = {Hankivsky, Olena and Springer, Kristen W. and Hunting, Gemma},
	Da = {2018/08/28},
	Doi = {10.1186/s41073-018-0050-6},
	Id = {Hankivsky2018},
	Isbn = {2058-8615},
	Journal = {Research Integrity and Peer Review},
	Number = {1},
	Pages = {6},
	Title = {Beyond sex and gender difference in funding and reporting of health research},
	Ty = {JOUR},
	Url = {https://doi.org/10.1186/s41073-018-0050-6},
	Volume = {3},
	Year = {2018},
	Bdsk-Url-1 = {https://doi.org/10.1186/s41073-018-0050-6}}

@misc{macionis2001sociology,
  title={Sociology. NewJersey},
  author={Macionis, John},
  year={2001},
  publisher={Prentice Hall}
}